@online {Leaflet,
    title = {Leaflet Doc},
    url = {https://leafletjs.com/reference.html},
    year = {2024}
}

@online {Vue,
    title = {Vue.js Doc},
    url = {https://vuejs.org/guide/introduction.html},
    year = {2025}
}

@online {BolognaWiFi_Spostamenti,
    title = {Open Data BolognaWiFi - Matrice Spostamenti},
    url = {https://opendata.comune.bologna.it/explore/dataset/bolognawifi-matrice-spostamenti/information/?disjunctive.hour},
    year = {2025}
}

@online {BolognaWiFi_Affollamento,
    title = {Open Data BolognaWiFi - Affollamento},
    url = {https://opendata.comune.bologna.it/explore/dataset/iperbole-wifi-affollamento/information/?disjunctive.ora},
    year = {2025}
}

@online {BolognaWiFi_Affluenza,
    title = {Open Data BolognaWiFi - Affluenza},
    url = {https://opendata.comune.bologna.it/explore/dataset/iperbole-wifi-affluenza/information/},
    year = {2025}
}

@online {Google_Trends,
    title = {Google Trends},
    url = {https://trends.google.com/trends/explore?date=all&q=%2Fm%2F0119t0j6&hl=en},
    year = {2025}
}

@online {OpenDataHandbook_Introduction,
    title = {Open Data Handbook - Introduzione},
    url = {https://opendatahandbook.org/guide/en/introduction/},
    year = {2025}
}

@online {OpenDataHandbook_WhyOpenData,
    title = {Open Data Handbook - Perché scegliere gli Open Data},
    url = {https://opendatahandbook.org/guide/en/why-open-data/},
    year = {2025}
}

@online {OpenDataHandbook_WhatOpenData,
    title = {Open Data Handbook - Cosa sono gli Open Data},
    url = {https://opendatahandbook.org/guide/en/what-is-open-data/},
    year = {2025}
}

@online {OpenDataHandbook_LegalRights,
    title = {Open Data Handbook - Diritti legali},
    url = {https://opendatahandbook.org/guide/en/appendices/what-legal-ip-rights-are-there-in-databases/},
    year = {2025}    
}

@online {OpenDataHandbook_FileFormats,
    title = {Open Data Handbook - Formati file},
    url = {https://opendatahandbook.org/guide/en/appendices/file-formats/},
    year = {2025}
}

@online {YahooDevelopers_YQL,
    title = {Yahoo Website Scraping Tool},
    url = {http://developer.yahoo.com/yql/},
    year = {2025}
}

@online {OpenDefinition,
    title = {The Open Definition},
    url = {https://opendefinition.org/},
    year = {2025}
}

@online {OpenDefinition_Full,
    title = {The Full Open Definition},
    url = {https://opendefinition.org/od/2.1/en/},
    year = {2025}
}

@online {Iperbole_Citta_Connessa,
    title = {Iperbole: una città connessa},
    author = {Rachele Spinelli},
    url = {https://compassunibo.wordpress.com/2020/02/13/iperbole-una-citta-connessa/},
    year = {2020}
}

@online {Bologna_WiFi_Bluetooth,
    title = {Bologna si butta su Wi-Fi e Bluetooth},
    author = {Alessandro Biancardi},
    url = {https://www.punto-informatico.it/bologna-si-butta-su-wi-fi-e-bluetooth/},
    year = {2005}
}

@online {BolognaWiFi_Elenco_Hotspot,
    title = {Open Data BolognaWiFi - Elenco hotspot},
    url = {https://opendata.comune.bologna.it/explore/dataset/bolognawifi-elenco-hot-spot/information/?sort=-hostname&location=13,44.50342,11.3372&basemap=jawg.streets&dataChart=eyJxdWVyaWVzIjpbeyJjaGFydHMiOlt7InR5cGUiOiJjb2x1bW4iLCJmdW5jIjoiQ09VTlQiLCJ5QXhpcyI6IngiLCJzY2llbnRpZmljRGlzcGxheSI6dHJ1ZSwiY29sb3IiOiIjZmYwMDAwIn1dLCJ4QXhpcyI6ImF0dGl2byIsIm1heHBvaW50cyI6MjAwLCJzb3J0IjoiIiwiY29uZmlnIjp7ImRhdGFzZXQiOiJib2xvZ25hd2lmaS1lbGVuY28taG90LXNwb3QiLCJvcHRpb25zIjp7InNvcnQiOiItaG9zdG5hbWUifX19XSwidGltZXNjYWxlIjoiIiwiZGlzcGxheUxlZ2VuZCI6dHJ1ZSwiYWxpZ25Nb250aCI6dHJ1ZX0%3D},
    year = {2025}
}